


%%%====================================GOICO====================================%%
%| %%%——————————————————————————————————————————————————————————————————————%%% |%
%| %                    Author:        GoicO  |  ToiSoc                       % |%
%| %                    Github:        JetZou |  ToiSoc                       % |%
%| %                    Au-Email:      17802018010@163.com                    % |%
%| %                    license:       MIT License (MIT)                      % |%
%| %                    Datetime:      2024/3/20 15:00                        % |%
%| %%%——————————————————————————————————————————————————————————————————————%%% |%
%%%====================================GOICO====================================%%



@article{YUAN200905001,
    author = {徐鹏 and 王以宁},
    title = {国内人工智能教育应用研究现状与反思},
    journal = {现代远距离教育},
    volume = {},
    number = {05},
    pages = {3-5},
    year = {2009},
    issn = {1001-8700},
}

@article{XSYK202306001,
    author = {王华平},
    title = {图灵测试与社会认知},
    journal = {学术月刊},
    volume = {55},
    number = {06},
    pages = {5-15},
    year = {2023},
    issn = {0439-8041},
}

@article{ZXTX20240416002,
    author = {韩炳涛 and 刘涛},
    title = {大模型关键技术与应用},
    journal = {中兴通讯技术},
    volume = {},
    number = {},
    pages = {1-23},
    year = {2024},
    issn = {1009-6868},
}

@misc{bommasani2022opportunities,
    title={On the Opportunities and Risks of Foundation Models}, 
    author={Rishi Bommasani and Drew A. Hudson and Ehsan Adeli and Russ Altman and Simran Arora and Sydney von Arx and Michael S. Bernstein and Jeannette Bohg and Antoine Bosselut and Emma Brunskill and Erik Brynjolfsson and Shyamal Buch and Dallas Card and Rodrigo Castellon and Niladri Chatterji and Annie Chen and Kathleen Creel and Jared Quincy Davis and Dora Demszky and Chris Donahue and Moussa Doumbouya and Esin Durmus and Stefano Ermon and John Etchemendy and Kawin Ethayarajh and Li Fei-Fei and Chelsea Finn and Trevor Gale and Lauren Gillespie and Karan Goel and Noah Goodman and Shelby Grossman and Neel Guha and Tatsunori Hashimoto and Peter Henderson and John Hewitt and Daniel E. Ho and Jenny Hong and Kyle Hsu and Jing Huang and Thomas Icard and Saahil Jain and Dan Jurafsky and Pratyusha Kalluri and Siddharth Karamcheti and Geoff Keeling and Fereshte Khani and Omar Khattab and Pang Wei Koh and Mark Krass and Ranjay Krishna and Rohith Kuditipudi and Ananya Kumar and Faisal Ladhak and Mina Lee and Tony Lee and Jure Leskovec and Isabelle Levent and Xiang Lisa Li and Xuechen Li and Tengyu Ma and Ali Malik and Christopher D. Manning and Suvir Mirchandani and Eric Mitchell and Zanele Munyikwa and Suraj Nair and Avanika Narayan and Deepak Narayanan and Ben Newman and Allen Nie and Juan Carlos Niebles and Hamed Nilforoshan and Julian Nyarko and Giray Ogut and Laurel Orr and Isabel Papadimitriou and Joon Sung Park and Chris Piech and Eva Portelance and Christopher Potts and Aditi Raghunathan and Rob Reich and Hongyu Ren and Frieda Rong and Yusuf Roohani and Camilo Ruiz and Jack Ryan and Christopher Ré and Dorsa Sadigh and Shiori Sagawa and Keshav Santhanam and Andy Shih and Krishnan Srinivasan and Alex Tamkin and Rohan Taori and Armin W. Thomas and Florian Tramèr and Rose E. Wang and William Wang and Bohan Wu and Jiajun Wu and Yuhuai Wu and Sang Michael Xie and Michihiro Yasunaga and Jiaxuan You and Matei Zaharia and Michael Zhang and Tianyi Zhang and Xikun Zhang and Yuhui Zhang and Lucia Zheng and Kaitlyn Zhou and Percy Liang},
    year={2022},
}



@article{LeCun2015,
    author = {LeCun, Yann and Bengio, Yoshua and Hinton, Geoffrey},
    title = {Deep learning},
    journal = {Nature},
    volume = {521},
    number = {},
    pages = {436-444},
    year = {2015},
    issn = {7553},
}

@misc{vaswani2023attention,
    title={Attention Is All You Need}, 
    author={Ashish Vaswani and Noam Shazeer and Niki Parmar and Jakob Uszkoreit and Llion Jones and Aidan N. Gomez and Lukasz Kaiser and Illia Polosukhin},
    year={2023},
}

@misc{chatgpt2022,
    lp_title={ChatGPT},
    author={OpenAI},
    title={ChatGPT: Optimizing Language Models for Dialogue},
    year={2022}
}

@INPROCEEDINGS{solving9157668,
    author={Pang, Kaiyue and Yang, Yongxin and Hospedales, Timothy M. and Xiang, Tao and Song, Yi-Zhe},
    title={Solving Mixed-Modal Jigsaw Puzzle for Fine-Grained Sketch-Based Image Retrieval}, 
    year={2020},
    volume={},
    number={},
    pages={10344-10352},
}

@misc{cui2020exchnet,
    title={ExchNet: A Unified Hashing Network for Large-Scale Fine-Grained Image Retrieval}, 
    author={Quan Cui and Qing-Yuan Jiang and Xiu-Shen Wei and Wu-Jun Li and Osamu Yoshie},
    year={2020},
}


@misc{wei2021finegrained,
    title={Fine-Grained Image Analysis with Deep Learning: A Survey}, 
    author={Xiu-Shen Wei and Yi-Zhe Song and Oisin Mac Aodha and Jianxin Wu and Yuxin Peng and Jinhui Tang and Jian Yang and Serge Belongie},
    year={2021},
}

@inproceedings{zheng2019towards,
    author = {Zheng, Xiawu and Ji, Rongrong and Sun, Xiaoshuai and Zhang, Baochang and Wu, Yongjian and Huang, Feiyue},
    title = {Towards optimal fine grained retrieval via decorrelated centralized loss with normalize-scale layer},
    year = {2019},
    isbn = {978-1-57735-809-1},
    publisher = {AAAI Press},
    articleno = {1140},
    numpages = {8},
}

@misc{wei2017selective,
    title={Selective Convolutional Descriptor Aggregation for Fine-Grained Image Retrieval}, 
    author={Xiu-Shen Wei and Jian-Hao Luo and Jianxin Wu and Zhi-Hua Zhou},
    year={2017},
}

@inproceedings{HoIH8237325,
    author={Cai, Sijia and Zuo, Wangmeng and Zhang, Lei},
    title={Higher-Order Integration of Hierarchical Convolutional Activations for Fine-Grained Visual Categorization}, 
    year={2017},
    volume={},
    number={},
    pages={511-520},
}


@article{Zeng_2024,
   title={Pyramid hybrid pooling quantization for efficient fine-grained image retrieval},
   volume={178},
   ISSN={0167-8655},
   journal={Pattern Recognition Letters},
   publisher={Elsevier BV},
   author={Zeng, Ziyun and Wang, Jinpeng and Chen, Bin and Dai, Tao and Xia, Shu-Tao and Wang, Zhi},
   year={2024},
   pages={106–114}
}

@article{DSH9037360,
    author={Jin, Sheng and Yao, Hongxun and Sun, Xiaoshuai and Zhou, Shangchen and Zhang, Lei and Hua, Xiansheng},
    journal={IEEE Transactions on Image Processing}, 
    title={Deep Saliency Hashing for Fine-Grained Retrieval}, 
    year={2020},
    volume={29},
    number={},
    pages={5336-5351},
}

@inproceedings{Yu7780462SMTS,
    author={Yu, Qian and Liu, Feng and Song, Yi-Zhe and Xiang, Tao and Hospedales, Timothy M. and Loy, Chen Change},
    title={Sketch Me That Shoe}, 
    year={2016},
    volume={},
    number={},
    pages={799-807},
}

@inproceedings{song8237854DSA,
    author={Song, Jifei and Yu, Qian and Song, Yi-Zhe and Xiang, Tao and Hospedales, Timothy M.},
    title={Deep Spatial-Semantic Attention for Fine-Grained Sketch-Based Image Retrieval}, 
    year={2017},
    volume={},
    number={},
    pages={5552-5561},
}


@misc{brown2020language,
    title={Language Models are Few-Shot Learners}, 
    author={Tom B. Brown and Benjamin Mann and Nick Ryder and Melanie Subbiah and Jared Kaplan and Prafulla Dhariwal and Arvind Neelakantan and Pranav Shyam and Girish Sastry and Amanda Askell and Sandhini Agarwal and Ariel Herbert-Voss and Gretchen Krueger and Tom Henighan and Rewon Child and Aditya Ramesh and Daniel M. Ziegler and Jeffrey Wu and Clemens Winter and Christopher Hesse and Mark Chen and Eric Sigler and Mateusz Litwin and Scott Gray and Benjamin Chess and Jack Clark and Christopher Berner and Sam McCandlish and Alec Radford and Ilya Sutskever and Dario Amodei},
    year={2020},
}

@misc{sun2023retentive,
    title={Retentive Network: A Successor to Transformer for Large Language Models}, 
    author={Yutao Sun and Li Dong and Shaohan Huang and Shuming Ma and Yuqing Xia and Jilong Xue and Jianyong Wang and Furu Wei},
    year={2023},
}

@article{ HJKZ2024011600J,
    author = { 沈金星 and  刘沁鑫 and  封学军 },
    title = {基于特征气象因素和深度学习组合模型的干散货港口$PM_{10}$浓度预测},
    journal = {环境科学},
    year = {2024},
    pages = {1-12},
    issn = {0250-3301},
}

@article{JYGC20240415002,
    author = {马飞 and 杨治杰 and 王江博 and 孙启鹏 and 鲍博 and 郭庆元 and 黄凯},
    title = {基于“气象-交通”多通道数据融合的短时交通流预测方法},
    journal = {交通运输工程学报},
    volume = {},
    number = {},
    pages = {1-17},
    year = {},
    year = {2024},
    issn = {1671-1637},
}


@article{HBYD202401011,
    author = {屈峰},
    title = {基于时间序列分析的气象观测数据预测},
    journal = {长江信息通信},
    volume = {37},
    number = {01},
    pages = {36-39},
    year = {2024},
    issn = {2096-9759},
}  

@article{DLJS202401002,
    author = {申洪涛 and 李飞 and 史轮 and 孙胜博 and 杨振宁 and 杨挺},
    title = {基于气象数据降维与混合深度学习的短期电力负荷预测},
    journal = {电力建设},
    volume = {45},
    number = {01},
    pages = {13-21},
    year = {2024},
    issn = {1000-7229},
}


@article{ZHXU201103002,
    author = {马国斌 and 李京 and 蒋卫国 and 张静 and 马兰艳},
    title = {基于气象预测数据的中国洪涝灾害危险性评估与预警研究},
    journal = {灾害学},
    volume = {26},
    number = {03},
    pages = {8-12+17},
    year = {2011},
    issn = {1000-811X},
}

@article{LSTM_Hochrerter,
    author = {Hochreiter, Sepp and Schmidhuber, Jürgen},
    year = {1997},
    month = {12},
    pages = {1735-80},
    title = {Long Short-term Memory},
    volume = {9},
    journal = {Neural computation},
}


@mastersthesis{1023751652ch,
    author = {陈聪},
    title = {基于机器学习的灾害性气象预测},
    school = {天津理工大学},
    year = {2023},
}

@misc{yin2024survey,
    title={A Survey on Multimodal Large Language Models}, 
    author={Shukang Yin and Chaoyou Fu and Sirui Zhao and Ke Li and Xing Sun and Tong Xu and Enhong Chen},
    year={2024},
}

@inproceedings{Wah2011TheCB,
    title={The Caltech-UCSD Birds-200-2011 Dataset},
    author={Catherine Wah and Steve Branson and Peter Welinder and Pietro Perona and Serge J. Belongie},
    year={2011},
}

@misc{maji2013finegrained,
    title={Fine-Grained Visual Classification of Aircraft}, 
    author={Subhransu Maji and Esa Rahtu and Juho Kannala and Matthew Blaschko and Andrea Vedaldi},
    year={2013},
}

@InProceedings{food101_2014,
    author="Bossard, Lukas
    and Guillaumin, Matthieu
    and Van Gool, Luc",
    title="Food-101 -- Mining Discriminative Components with Random Forests",
    year="2014",
    publisher="Springer International Publishing",
    pages="446--461",
    isbn="978-3-319-10599-4"
}


@INPROCEEDINGS{nabirds2015,
    author={Van Horn, Grant and Branson, Steve and Farrell, Ryan and Haber, Scott and Barry, Jessie and Ipeirotis, Panos and Perona, Pietro and Belongie, Serge},
    title={Building a bird recognition app and large scale dataset with citizen scientists: The fine print in fine-grained dataset collection}, 
    year={2015},
    volume={},
    number={},
    pages={595-604},
}

@misc{he2015deep,
    title={Deep Residual Learning for Image Recognition}, 
    author={Kaiming He and Xiangyu Zhang and Shaoqing Ren and Jian Sun},
    year={2015},
}


@article{charltonperez2024ai,
  author = {Charlton-Perez, Andrew J. and Dacre, Helen F. and Driscoll, Simon and Gray, Suzanne L. and Harvey, Ben and Harvey, Natalie J. and Hunt, Kieran M. R. and Lee, Robert W. and Swaminathan, Ranjini and Vandaele, Remy and Volonté, Ambrogio},
  title  = {Do AI models produce better weather forecasts than physics-based models? A quantitative evaluation case study of Storm Ciarán},
  journal = {npj Climate and Atmospheric Science},
  volume = {7},
  number = {1},
  pages = {93},
  year = {2024},
  month = {04},
  publisher = {Nature Publishing Group},
}



%%%%%=============================================================================%%%%%
%             Copyright: © 2024 GoicO | ToiSoc | JetZou All rights reserved.
%%%%%=============================================================================%%%%%
